<?xml version="1.0" encoding="UTF-8"?><collection xmlns="http://www.loc.gov/MARC21/slim"><record><leader>00523nam--2200193-u-4500</leader><controlfield tag="001">000055018</controlfield><controlfield tag="002">20161230</controlfield><controlfield tag="005">20161230201051</controlfield><controlfield tag="008">121022s1000------------r-----000-0-eng-d</controlfield><datafield ind1=" " ind2=" " tag="020"><subfield code="a">9789738596252</subfield></datafield><datafield ind1=" " ind2=" " tag="040"><subfield code="a">IFIN-HH</subfield></datafield><datafield ind1=" " ind2=" " tag="080"><subfield code="a">02</subfield></datafield><datafield ind1="1" ind2=" " tag="100"><subfield code="a">Regneala, Mircea</subfield></datafield><datafield ind1="1" ind2="0" tag="245"><subfield code="a">Noi studii de biblioteconomie</subfield><subfield code="c">Mircea regneala</subfield></datafield><datafield ind1=" " ind2=" " tag="260"><subfield code="a">Bucuresti</subfield><subfield code="b">Asociatia Bibliotecarilor Din Romania</subfield><subfield code="c">2009</subfield></datafield><datafield ind1=" " ind2=" " tag="300"><subfield code="a">632P</subfield></datafield><datafield ind1=" " ind2=" " tag="490"><subfield code="a">Colectia Biblioteca Abr</subfield><subfield code="v">Vol. 24</subfield></datafield><datafield ind1=" " ind2=" " tag="852"><subfield code="a">82344</subfield><subfield code="c">02</subfield></datafield><datafield ind1=" " ind2=" " tag="CAT"><subfield code="a">Sys</subfield><subfield code="c">20131106</subfield><subfield code="h">165009</subfield></datafield></record></collection>